
@article{paper,
	title = {Calculations of the drag coefficient of circular, square and rectangular cylinders using the lattice {Boltzmann} method with variable lattice speed of sound},
	volume = {29},
	issn = {1012-9405, 2190-7668},
	url = {http://link.springer.com/10.1007/s13370-017-0531-7},
	doi = {10.1007/s13370-017-0531-7},
	language = {en},
	number = {1-2},
	urldate = {2024-03-28},
	journal = {Afrika Matematika},
	author = {Ostapenko, Artem and Bulanchuk, Galina},
	month = mar,
	year = {2018},
	pages = {137--147},
}
