@BOOK{Cengel2017-jf,
  title     = "Fluid mechanics: Fundamentals and applications",
  author    = "Cengel, Yunus A and Cimbala, John M",
  publisher = "McGraw-Hill Education",
  edition   =  4,
  month     =  feb,
  year      =  2017,
  address   = "Columbus, OH"
}
